@misc{jolicoeurmartineau2018relativistic,
      title={The relativistic discriminator: a key element missing from standard GAN}, 
      author={Alexia Jolicoeur-Martineau},
      year={2018},
      eprint={1807.00734},
      archivePrefix={arXiv},
      primaryClass={cs.LG}
}

@misc{yazıcı2019unusual,
      title={The Unusual Effectiveness of Averaging in GAN Training}, 
      author={Yasin Yazıcı and Chuan-Sheng Foo and Stefan Winkler and Kim-Hui Yap and Georgios Piliouras and Vijay Chandrasekhar},
      year={2019},
      eprint={1806.04498},
      archivePrefix={arXiv},
      primaryClass={stat.ML}
}

@misc{miyato2018spectral,
      title={Spectral Normalization for Generative Adversarial Networks}, 
      author={Takeru Miyato and Toshiki Kataoka and Masanori Koyama and Yuichi Yoshida},
      year={2018},
      eprint={1802.05957},
      archivePrefix={arXiv},
      primaryClass={cs.LG}
}

@misc{goodfellow2014generative,
      title={Generative Adversarial Networks}, 
      author={Ian J. Goodfellow and Jean Pouget-Abadie and Mehdi Mirza and Bing Xu and David Warde-Farley and Sherjil Ozair and Aaron Courville and Yoshua Bengio},
      year={2014},
      eprint={1406.2661},
      archivePrefix={arXiv},
      primaryClass={stat.ML}
}

@misc{arjovsky2017wasserstein,
      title={Wasserstein GAN}, 
      author={Martin Arjovsky and Soumith Chintala and Léon Bottou},
      year={2017},
      eprint={1701.07875},
      archivePrefix={arXiv},
      primaryClass={stat.ML}
}

@misc{gulrajani2017improved,
      title={Improved Training of Wasserstein GANs}, 
      author={Ishaan Gulrajani and Faruk Ahmed and Martin Arjovsky and Vincent Dumoulin and Aaron Courville},
      year={2017},
      eprint={1704.00028},
      archivePrefix={arXiv},
      primaryClass={cs.LG}
}

@misc{kingma2017adam,
      title={Adam: A Method for Stochastic Optimization}, 
      author={Diederik P. Kingma and Jimmy Ba},
      year={2017},
      eprint={1412.6980},
      archivePrefix={arXiv},
      primaryClass={cs.LG}
}

@misc{misra2020mish,
      title={Mish: A Self Regularized Non-Monotonic Activation Function}, 
      author={Diganta Misra},
      year={2020},
      eprint={1908.08681},
      archivePrefix={arXiv},
      primaryClass={cs.LG}
}

@misc{paszke2019pytorch,
      title={PyTorch: An Imperative Style, High-Performance Deep Learning Library}, 
      author={Adam Paszke and Sam Gross and Francisco Massa and Adam Lerer and James Bradbury and Gregory Chanan and Trevor Killeen and Zeming Lin and Natalia Gimelshein and Luca Antiga and Alban Desmaison and Andreas Köpf and Edward Yang and Zach DeVito and Martin Raison and Alykhan Tejani and Sasank Chilamkurthy and Benoit Steiner and Lu Fang and Junjie Bai and Soumith Chintala},
      year={2019},
      eprint={1912.01703},
      archivePrefix={arXiv},
      primaryClass={cs.LG}
}

@misc{daskalakis2018training,
      title={Training GANs with Optimism}, 
      author={Constantinos Daskalakis and Andrew Ilyas and Vasilis Syrgkanis and Haoyang Zeng},
      year={2018},
      eprint={1711.00141},
      archivePrefix={arXiv},
      primaryClass={cs.LG}
}

@misc{karnewar2020msggan,
      title={MSG-GAN: Multi-Scale Gradients for Generative Adversarial Networks}, 
      author={Animesh Karnewar and Oliver Wang},
      year={2020},
      eprint={1903.06048},
      archivePrefix={arXiv},
      primaryClass={cs.CV}
}